@online{foo,
	title = {Foo Bar},
	url = {https://foo.bar},
	urldate = {2016-05-08},
	language = {english}
}

